@book{Boole1854,
  title={An Investigation of the Laws of Thought},
  author={Boole, George},
  year={1854},
  publisher={Macmillan}
}

@article{McCullochPitts1943,
  title={A Logical Calculus of the Ideas Immanent in Nervous Activity},
  author={McCulloch, Warren S and Pitts, Walter},
  journal={The Bulletin of Mathematical Biophysics},
  volume={5},
  number={4},
  pages={115--133},
  year={1943}
}

@book{Shannon1949,
  title={The Mathematical Theory of Communication},
  author={Shannon, Claude E and Weaver, Warren},
  year={1949},
  publisher={University of Illinois Press}
}

@inproceedings{Rosenblatt1958,
  title={The Perceptron: A Probabilistic Model for Information Storage and Organization in the Brain},
  author={Rosenblatt, Frank},
  booktitle={Psychological Review},
  volume={65},
  number={6},
  pages={386},
  year={1958}
}

@book{MinskyPapert1969,
  title={Perceptrons: An Introduction to Computational Geometry},
  author={Minsky, Marvin and Papert, Seymour},
  year={1969},
  publisher={MIT Press}
}

@article{Hopfield1982,
  title={Neural networks and physical systems with emergent collective computational abilities},
  author={Hopfield, John J},
  journal={Proceedings of the national academy of sciences},
  volume={79},
  number={8},
  pages={2554--2558},
  year={1982},
  publisher={National Acad Sciences}
}

@article{Hebb1949,
  title={The Organization of Behavior: A Neuropsychological Theory},
  author={Hebb, Donald O},
  year={1949},
  publisher={Wiley}
}

@book{vonNeumann1958,
  title={The Computer and the Brain},
  author={von Neumann, John},
  year={1958},
  publisher={Yale University Press}
}

@article{Kleene1951,
  title={Representation of Events in Nerve Nets and Finite Automata},
  author={Kleene, Stephen C},
  journal={Automata Studies},
  pages={3--41},
  year={1951}
}

@article{Rosenblatt1958,
  title={The Perceptron: A Probabilistic Model for Information Storage and Organization in the Brain},
  author={Rosenblatt, Frank},
  journal={Psychological Review},
  volume={65},
  number={6},
  pages={386},
  year={1958},
  publisher={American Psychological Association}
}

@article{WidrowHoff1960,
  title={Adaptive switching circuits},
  author={Widrow, Bernard and Hoff, Marcian E},
  journal={IRE WESCON Convention Record},
  volume={4},
  pages={96--104},
  year={1960}
}

@inproceedings{Fukushima1980,
  title={Neocognitron: A self-organizing neural network model for a mechanism of pattern recognition unaffected by shift in position},
  author={Fukushima, Kunihiko},
  booktitle={Biological cybernetics},
  volume={36},
  number={4},
  pages={193--202},
  year={1980},
  organization={Springer}
}

@article{Hopfield1982,
  title={Neural networks and physical systems with emergent collective computational abilities},
  author={Hopfield, John J},
  journal={Proceedings of the national academy of sciences},
  volume={79},
  number={8},
  pages={2554--2558},
  year={1982},
  publisher={National Acad Sciences}
}

@book{RumelhartHintonWilliams1986,
  title={Learning representations by back-propagating errors},
  author={Rumelhart, David E and Hinton, Geoffrey E and Williams, Ronald J},
  year={1986},
  publisher={Nature}
}

@article{LeCun1989,
  title={Backpropagation applied to handwritten zip code recognition},
  author={LeCun, Yann and Boser, Bernhard and Denker, John S and Henderson, Donnie and Howard, Richard E and Hubbard, Wayne and Jackel, Lawrence D},
  journal={Neural computation},
  volume={1},
  number={4},
  pages={541--551},
  year={1989},
  publisher={MIT Press}
}

@inproceedings{Kohonen1982,
  title={Self-organized formation of topologically correct feature maps},
  author={Kohonen, Teuvo},
  booktitle={Biological cybernetics},
  volume={43},
  number={1},
  pages={59--69},
  year={1982},
  organization={Springer}
}

@article{CarpenterGrossberg1987,
  title={ART 2: Self-organization of stable category recognition codes for analog input patterns},
  author={Carpenter, Gail A and Grossberg, Stephen},
  journal={Applied optics},
  volume={26},
  number={23},
  pages={4919--4930},
  year={1987},
  publisher={Optical Society of America}
}

@article{McClellandRumelhart1981,
  title={An interactive activation model of context effects in letter perception: Part 1. An account of basic findings},
  author={McClelland, James L and Rumelhart, David E},
  journal={Psychological review},
  volume={88},
  number={5},
  pages={375},
  year={1981},
  publisher={American Psychological Association}
}

@inproceedings{Werbos1974,
  title={Beyond regression: New tools for prediction and analysis in the behavioral sciences},
  author={Werbos, Paul J},
  booktitle={PhD thesis, Harvard University},
  year={1974}
}
